<record><leader>00000cas a22000007a 4500</leader><controlfield tag="001">14219507</controlfield><controlfield tag="008">860915d18501850wiuwr ne      0    0nor d</controlfield><datafield ind1=" " ind2=" " tag="010"><subfield code="a">sn 86086557 </subfield></datafield><datafield ind1=" " ind2=" " tag="040"><subfield code="a">NPV</subfield><subfield code="b">eng</subfield><subfield code="c">NPV</subfield><subfield code="d">OCLCQ</subfield></datafield><datafield ind1=" " ind2=" " tag="042"><subfield code="a">msc</subfield></datafield><datafield ind1=" " ind2=" " tag="045"><subfield code="a">w5w5</subfield></datafield><datafield ind1=" " ind2=" " tag="052"><subfield code="a">4123</subfield><subfield code="b">R2</subfield></datafield><datafield ind1="0" ind2=" " tag="130"><subfield code="a">Nordlyset (Racine, Wis.)</subfield></datafield><datafield ind1="1" ind2="0" tag="245"><subfield code="a">Nordlyset.</subfield></datafield><datafield ind1=" " ind2=" " tag="260"><subfield code="a">Racine, Wis. :</subfield><subfield code="b">K. Langland &amp; Co.,</subfield><subfield code="c">1850-1850.</subfield></datafield><datafield ind1=" " ind2=" " tag="300"><subfield code="a">v.</subfield></datafield><datafield ind1=" " ind2=" " tag="310"><subfield code="a">Weekly</subfield></datafield><datafield ind1="0" ind2=" " tag="362"><subfield code="a">2den Aarg., no. 50 (23de Feb., 1850)-2den aarg., no. 52 (18 Mai, 1850).</subfield></datafield><datafield ind1=" " ind2=" " tag="500"><subfield code="a">Publisher varies.</subfield></datafield><datafield ind1=" " ind2=" " tag="500"><subfield code="a">Editor: K. Langland, Feb. 23, 1850-April 13, 1850.</subfield></datafield><datafield ind1=" " ind2=" " tag="530"><subfield code="a">Available on microfilm from The State Historical Society of Wisconsin.</subfield></datafield><datafield ind1=" " ind2=" " tag="752"><subfield code="a">United States</subfield><subfield code="b">Wisconsin</subfield><subfield code="c">Racine</subfield><subfield code="d">Racine.</subfield></datafield><datafield ind1="1" ind2=" " tag="029"><subfield code="a">AU@</subfield><subfield code="b">000025830134</subfield></datafield></record>